@article{lohnas2014retrieved,
  title={A retrieved context account of spacing and repetition effects in free recall.},
  author={Lohnas, Lynn L and Kahana, Michael J},
  journal={Journal of Experimental Psychology: Learning, Memory, and Cognition},
  volume={40},
  number={3},
  pages={755},
  year={2014},
  publisher={American Psychological Association}
}

@article{kahana2005spacing,
  title={Spacing and lag effects in free recall of pure lists},
  author={Kahana, Michael J and Howard, Marc W},
  journal={Psychonomic Bulletin \& Review},
  volume={12},
  number={1},
  pages={159--164},
  year={2005},
  publisher={Springer}
}

@article{morton2016predictive,
  title={A predictive framework for evaluating models of semantic organization in free recall},
  author={Morton, Neal W and Polyn, Sean M},
  journal={Journal of Memory and Language},
  volume={86},
  pages={119--140},
  year={2016},
  publisher={Elsevier}
}

@article{polyn2009context,
  title={A context maintenance and retrieval model of organizational processes in free recall.},
  author={Polyn, Sean M and Norman, Kenneth A and Kahana, Michael J},
  journal={Psychological review},
  volume={116},
  number={1},
  pages={129},
  year={2009},
  publisher={American Psychological Association}
}

@article{busemeyer2000model,
  title={Model comparisons and model selections based on generalization criterion methodology},
  author={Busemeyer, Jerome R and Wang, Yi-Min},
  journal={Journal of Mathematical Psychology},
  volume={44},
  number={1},
  pages={171--189},
  year={2000},
  publisher={Elsevier}
}

@article{collins2020minerva,
  title={Minerva-de: An instance model of the deficient processing theory},
  author={Collins, Robert N and Milliken, Bruce and Jamieson, Randall K},
  journal={Journal of Memory and Language},
  volume={115},
  pages={104151},
  year={2020},
  publisher={Elsevier}
}