@article{polyn2009context,
  title={A context maintenance and retrieval model of organizational processes in free recall.},
  author={Polyn, Sean M and Norman, Kenneth A and Kahana, Michael J},
  journal={Psychological review},
  volume={116},
  number={1},
  pages={129},
  year={2009},
  publisher={American Psychological Association}
}

@article{anderson1972recognition,
  title={Recognition and retrieval processes in free recall.},
  author={Anderson, John R and Bower, Gordon H},
  journal={Psychological review},
  volume={79},
  number={2},
  pages={97},
  year={1972},
  publisher={American Psychological Association}
}

@article{hebb1949organization,
  title={Organization of behavior. new york: Wiley},
  author={Hebb, DO},
  journal={J. Clin. Psychol},
  volume={6},
  number={3},
  pages={335--307},
  year={1949}
}

@article{lehman2013buffer,
  title={A buffer model of memory encoding and temporal correlations in retrieval.},
  author={Lehman, Melissa and Malmberg, Kenneth J},
  journal={Psychological Review},
  volume={120},
  number={1},
  pages={155},
  year={2013},
  publisher={American Psychological Association}
}

@article{mcqueen2006phonological,
  title={Phonological abstraction in the mental lexicon},
  author={McQueen, James M and Cutler, Anne and Norris, Dennis},
  journal={Cognitive science},
  volume={30},
  number={6},
  pages={1113--1126},
  year={2006},
  publisher={Wiley Online Library}
}

@misc{yee2019abstraction,
  title={Abstraction and concepts: when, how, where, what and why?},
  author={Yee, Eiling},
  year={2019},
  publisher={Taylor \& Francis}
}

@article{storn1997differential,
  title={Differential evolution--a simple and efficient heuristic for global optimization over continuous spaces},
  author={Storn, Rainer and Price, Kenneth},
  journal={Journal of global optimization},
  volume={11},
  number={4},
  pages={341--359},
  year={1997},
  publisher={Springer}
}

@article{steyvers2005word,
  title={Word Association Spaces for Predicting Semantic Similarity Effects in Episodic Memory.},
  author={Steyvers, Mark and Shiffrin, Richard M and Nelson, Douglas L},
  year={2005},
  publisher={American Psychological Association}
}

@article{friendly1982toronto,
  title={The Toronto Word Pool: Norms for imagery, concreteness, orthographic variables, and grammatical usage for 1,080 words},
  author={Friendly, Michael and Franklin, Patricia E and Hoffman, David and Rubin, David C},
  journal={Behavior Research Methods \& Instrumentation},
  volume={14},
  number={4},
  pages={375--399},
  year={1982},
  publisher={Springer}
}

@article{murdock1970interresponse,
  title={Interresponse times in single-trial free recall.},
  author={Murdock, Bennet B and Okada, Ronald},
  journal={Journal of Experimental Psychology},
  volume={86},
  number={2},
  pages={263},
  year={1970},
  publisher={American Psychological Association}
}

@article{kahana2020computational,
  title={Computational models of memory search},
  author={Kahana, Michael J},
  journal={Annual review of psychology},
  volume={71},
  pages={107--138},
  year={2020},
  publisher={Annual Reviews}
}

@book{puff1979memory,
  title={Memory organization and structure},
  author={Puff, C Richard},
  year={1979},
  publisher={Academic Press}
}

@article{postman1971organization,
  title={Organization and interference.},
  author={Postman, Leo},
  journal={Psychological Review},
  volume={78},
  number={4},
  pages={290},
  year={1971},
  publisher={American Psychological Association}
}

@article{golomb2008effects,
  title={Effects of adult aging on utilization of temporal and semantic associations during free and serial recall},
  author={Golomb, Julie D and Peelle, Jonathan E and Addis, Kelly M and Kahana, Michael J and Wingfield, Arthur},
  journal={Memory \& Cognition},
  volume={36},
  number={5},
  pages={947--956},
  year={2008},
  publisher={Springer}
}

@article{howard2002distributed,
  title={A distributed representation of temporal context},
  author={Howard, Marc W and Kahana, Michael J},
  journal={Journal of Mathematical Psychology},
  volume={46},
  number={3},
  pages={269--299},
  year={2002},
  publisher={Elsevier}
}

@article{hintzman1984minerva,
  title={MINERVA 2: A simulation model of human memory},
  author={Hintzman, Douglas L},
  journal={Behavior Research Methods, Instruments, \& Computers},
  volume={16},
  number={2},
  pages={96--101},
  year={1984},
  publisher={Springer}
}

@article{kahana1996associative,
  title={Associative retrieval processes in free recall},
  author={Kahana, Michael J},
  journal={Memory \& cognition},
  volume={24},
  number={1},
  pages={103--109},
  year={1996},
  publisher={Springer}
}

@article{stanton2002comparisons,
  title={Comparisons between exemplar similarity and mixed prototype models using a linearly separable category structure},
  author={Stanton, Roger D and Nosofsky, Robert M and Zaki, Safa R},
  journal={Memory \& Cognition},
  volume={30},
  number={6},
  pages={934--944},
  year={2002},
  publisher={Springer}
}

@article{nosofsky2002exemplar,
  title={Exemplar and prototype models revisited: Response strategies, selective attention, and stimulus generalization.},
  author={Nosofsky, Robert M and Zaki, Safa R},
  journal={Journal of Experimental Psychology: Learning, Memory, and Cognition},
  volume={28},
  number={5},
  pages={924},
  year={2002},
  publisher={American Psychological Association}
}

@article{dumais2004latent,
  title={Latent semantic analysis},
  author={Dumais, Susan T},
  journal={Annual review of information science and technology},
  volume={38},
  number={1},
  pages={188--230},
  year={2004},
  publisher={Wiley Online Library}
}

@article{church2017word2vec,
  title={Word2Vec},
  author={Church, Kenneth Ward},
  journal={Natural Language Engineering},
  volume={23},
  number={1},
  pages={155--162},
  year={2017},
  publisher={Cambridge University Press}
}

@article{jamieson2018instance,
  title={An instance theory of semantic memory},
  author={Jamieson, Randall K and Avery, Johnathan E and Johns, Brendan T and Jones, Michael N},
  journal={Computational Brain \& Behavior},
  volume={1},
  number={2},
  pages={119--136},
  year={2018},
  publisher={Springer}
}

@article{metcalfe1992composite,
  title={Composite memories},
  author={Metcalfe, J},
  journal={Relating Theory and Data: Essays on Human Memory in Honor of Bennet B. Murdock},
  year={1992},
  pages={413--38}
}

@book{kahana2012foundations,
  title={Foundations of human memory},
  author={Kahana, Michael Jacob},
  year={2012},
  publisher={OUP USA}
}

@article{hintzman2010does,
  title={How does repetition affect memory? Evidence from judgments of recency},
  author={Hintzman, Douglas L},
  journal={Memory \& cognition},
  volume={38},
  number={1},
  pages={102--115},
  year={2010},
  publisher={Springer}
}

@article{siegel2014retrieved,
  title={A retrieved context account of spacing and repetition effects in free recall.},
  author={Siegel, Lynn L and Kahana, Michael J},
  journal={Journal of Experimental Psychology: Learning, Memory, and Cognition},
  volume={40},
  number={3},
  pages={755},
  year={2014},
  publisher={American Psychological Association}
}

@article{johns2012perceptual,
  title={Perceptual inference through global lexical similarity},
  author={Johns, Brendan T and Jones, Michael N},
  journal={Topics in Cognitive Science},
  volume={4},
  number={1},
  pages={103--120},
  year={2012},
  publisher={Wiley Online Library}
}

@article{morton2016predictive,
  title={A predictive framework for evaluating models of semantic organization in free recall},
  author={Morton, Neal W and Polyn, Sean M},
  journal={Journal of Memory and Language},
  volume={86},
  pages={119--140},
  year={2016},
  publisher={Elsevier}
}

@techreport{wachter2019retrieved,
  title={A retrieved-context theory of financial decisions},
  author={Wachter, Jessica A and Kahana, Michael Jacob},
  year={2019},
  institution={National Bureau of Economic Research}
}

@article{hintzman1986schema,
  title={"Schema abstraction" in a multiple-trace memory model.},
  author={Hintzman, Douglas L},
  journal={Psychological review},
  volume={93},
  number={4},
  pages={411},
  year={1986},
  publisher={American Psychological Association}
}

@article{hintzman1988judgments,
  title={Judgments of frequency and recognition memory in a multiple-trace memory model.},
  author={Hintzman, Douglas L},
  journal={Psychological review},
  volume={95},
  number={4},
  pages={528},
  year={1988},
  publisher={American Psychological Association}
}

@article{logan2021serial,
  title={Serial order in perception, memory, and action.},
  author={Logan, Gordon D},
  journal={Psychological Review},
  volume={128},
  number={1},
  pages={1},
  year={2021},
  publisher={American Psychological Association}
}

@article{ketz2013theta,
  title={Theta coordinated error-driven learning in the hippocampus},
  author={Ketz, Nicholas and Morkonda, Srinimisha G and O'Reilly, Randall C},
  journal={PLoS Comput Biol},
  volume={9},
  number={6},
  pages={e1003067},
  year={2013},
  publisher={Public Library of Science}
}

@article{schapiro2017complementary,
  title={Complementary learning systems within the hippocampus: a neural network modelling approach to reconciling episodic memory with statistical learning},
  author={Schapiro, Anna C and Turk-Browne, Nicholas B and Botvinick, Matthew M and Norman, Kenneth A},
  journal={Philosophical Transactions of the Royal Society B: Biological Sciences},
  volume={372},
  number={1711},
  pages={20160049},
  year={2017},
  publisher={The Royal Society}
}

@article{kragel2015neural,
  title={Neural activity in the medial temporal lobe reveals the fidelity of mental time travel},
  author={Kragel, James E and Morton, Neal W and Polyn, Sean M},
  journal={Journal of Neuroscience},
  volume={35},
  number={7},
  pages={2914--2926},
  year={2015},
  publisher={Soc Neuroscience}
}

@article{healey2016four,
  title={A four-component model of age-related memory change.},
  author={Healey, M Karl and Kahana, Michael J},
  journal={Psychological Review},
  volume={123},
  number={1},
  pages={23},
  year={2016},
  publisher={American Psychological Association}
}

@article{schwartz2005shadows,
  title={Shadows of the past: Temporal retrieval effects in recognition memory},
  author={Schwartz, Greg and Howard, Marc W and Jing, Bing and Kahana, Michael J},
  journal={Psychological Science},
  volume={16},
  number={11},
  pages={898--904},
  year={2005},
  publisher={SAGE Publications Sage CA: Los Angeles, CA}
}

@article{newell1973you,
  title={You can't play 20 questions with nature and win: Projective comments on the papers of this symposium},
  author={Newell, Allen},
  year={1973}
}

@article{talmi2019retrieved,
  title={A retrieved context model of the emotional modulation of memory.},
  author={Talmi, Deborah and Lohnas, Lynn J and Daw, Nathaniel D},
  journal={Psychological review},
  volume={126},
  number={4},
  pages={455},
  year={2019},
  publisher={American Psychological Association}
}

@article{hintzman1971repetition,
  title={Repetition and memory: Evidence for a multiple-trace hypothesis.},
  author={Hintzman, Douglas L and Block, Richard A},
  journal={Journal of Experimental Psychology},
  volume={88},
  number={3},
  pages={297},
  year={1971},
  publisher={American Psychological Association}
}

@article{murdock1962serial,
  title={The serial position effect of free recall.},
  author={Murdock Jr, Bennet B},
  journal={Journal of experimental psychology},
  volume={64},
  number={5},
  pages={482},
  year={1962},
  publisher={American Psychological Association}
}