@article{siegel2014retrieved,
  title={A retrieved context account of spacing and repetition effects in free recall.},
  author={Siegel, Lynn L and Kahana, Michael J},
  journal={Journal of Experimental Psychology: Learning, Memory, and Cognition},
  volume={40},
  number={3},
  pages={755},
  year={2014},
  publisher={American Psychological Association}
}

@article{morton2016predictive,
  title={A predictive framework for evaluating models of semantic organization in free recall},
  author={Morton, Neal W and Polyn, Sean M},
  journal={Journal of Memory and Language},
  volume={86},
  pages={119--140},
  year={2016},
  publisher={Elsevier}
}

@article{sederberg2008context,
  title={A context-based theory of recency and contiguity in free recall.},
  author={Sederberg, Per B and Howard, Marc W and Kahana, Michael J},
  journal={Psychological review},
  volume={115},
  number={4},
  pages={893},
  year={2008},
  publisher={American Psychological Association}
}

@article{collins2020minerva,
  title={MINERVA-DE: An instance model of the deficient processing theory},
  author={Collins, Robert N and Milliken, Bruce and Jamieson, Randall K},
  journal={Journal of Memory and Language},
  volume={115},
  pages={104151},
  year={2020},
  publisher={Elsevier}
}

@article{hintzman1984minerva,
  title={MINERVA 2: A simulation model of human memory},
  author={Hintzman, Douglas L},
  journal={Behavior Research Methods, Instruments, \& Computers},
  volume={16},
  number={2},
  pages={96--101},
  year={1984},
  publisher={Springer}
}

@article{anderson1972recognition,
  title={Recognition and retrieval processes in free recall.},
  author={Anderson, John R and Bower, Gordon H},
  journal={Psychological review},
  volume={79},
  number={2},
  pages={97},
  year={1972},
  publisher={American Psychological Association}
}

@article{KleiEtal05,
	Author = {Klein, K. A. and Addis, K. M. and Kahana, M. J.},
	Date-Added = {2014-09-04 19:52:16 +0000},
	Date-Modified = {2014-09-04 19:52:19 +0000},
	Journal = {Memory \& Cognition},
	Pages = {833--839},
	Title = {A comparative analysis of serial and free recall},
	Volume = {33},
	Year = {2005}}
	
@article{polyn2009context,
  title={A context maintenance and retrieval model of organizational processes in free recall.},
  author={Polyn, Sean M and Norman, Kenneth A and Kahana, Michael J},
  journal={Psychological review},
  volume={116},
  number={1},
  pages={129},
  year={2009},
  publisher={American Psychological Association}
}